@ARTICLE{Omar2016,
author={H. A. {Omar} and K. {Abboud} and N. {Cheng} and K. R. {Malekshan} and A. T. {Gamage} and W. {Zhuang}},
journal={IEEE Communications Surveys Tutorials},
title={A Survey on High Efficiency Wireless Local Area Networks: Next Generation WiFi},
year={2016},
volume={18},
number={4},
pages={2315-2344},
month={Fourthquarter},}